@inproceedings{DBLP:conf/focs/Kozen77,
  author    = {Dexter Kozen},
  title     = {Lower Bounds for Natural Proof Systems},
  booktitle = {18th Annual Symposium on Foundations of Computer Science, Providence,
               Rhode Island, USA, 31 October - 1 November 1977},
  pages     = {254--266},
  publisher = {{IEEE} Computer Society},
  year      = {1977},
  url       = {https://doi.org/10.1109/SFCS.1977.16},
  doi       = {10.1109/SFCS.1977.16},
  timestamp = {Wed, 16 Oct 2019 14:14:54 +0200},
  biburl    = {https://dblp.org/rec/conf/focs/Kozen77.bib},
  bibsource = {dblp computer science bibliography, https://dblp.org}
}

@article{DBLP:journals/ai/DitmarschGVW14,
  author    = {Hans van Ditmarsch and
               Sujata Ghosh and
               Rineke Verbrugge and
               Yanjing Wang},
  title     = {Hidden protocols: Modifying our expectations in an evolving world},
  journal   = {Artif. Intell.},
  volume    = {208},
  pages     = {18--40},
  year      = {2014},
  url       = {https://doi.org/10.1016/j.artint.2013.12.001},
  doi       = {10.1016/j.artint.2013.12.001},
  timestamp = {Thu, 14 Oct 2021 09:42:21 +0200},
  biburl    = {https://dblp.org/rec/journals/ai/DitmarschGVW14.bib},
  bibsource = {dblp computer science bibliography, https://dblp.org}
}

@article{DBLP:journals/corr/abs-2205-00784,
  author    = {Sourav Chakraborty and
               Avijeet Ghosh and
               Sujata Ghosh and
               Fran{\c{c}}ois Schwarzentruber},
  title     = {On verifying expectations and observations of intelligent agents},
  journal   = {CoRR},
  volume    = {abs/2205.00784},
  year      = {2022},
  url       = {https://doi.org/10.48550/arXiv.2205.00784},
  doi       = {10.48550/arXiv.2205.00784},
  eprinttype = {arXiv},
  eprint    = {2205.00784},
  timestamp = {Thu, 05 May 2022 11:58:52 +0200},
  biburl    = {https://dblp.org/rec/journals/corr/abs-2205-00784.bib},
  bibsource = {dblp computer science bibliography, https://dblp.org}
}